<record><leader>00000cas a2200000 a 4500</leader><controlfield tag="001">35998455</controlfield><controlfield tag="008">961125d19901992miuwr ne      0    0eng c</controlfield><datafield ind1=" " ind2=" " tag="010"><subfield code="a">sn 96077296 </subfield></datafield><datafield ind1=" " ind2=" " tag="040"><subfield code="a">MHN</subfield><subfield code="b">eng</subfield><subfield code="c">MHN</subfield><subfield code="d">OCL</subfield><subfield code="d">OCLCQ</subfield><subfield code="d">OCLCF</subfield><subfield code="d">OCLCO</subfield></datafield><datafield ind1="1" ind2=" " tag="029"><subfield code="a">AU@</subfield><subfield code="b">000012971728</subfield></datafield><datafield ind1=" " ind2=" " tag="042"><subfield code="a">pcc</subfield></datafield><datafield ind1=" " ind2=" " tag="043"><subfield code="a">n-us-mi</subfield></datafield><datafield ind1="0" ind2="0" tag="245"><subfield code="a">Suburban Sunday.</subfield></datafield><datafield ind1=" " ind2=" " tag="250"><subfield code="a">Macomb.</subfield></datafield><datafield ind1=" " ind2=" " tag="260"><subfield code="a">Mount Clemens, Mich. :</subfield><subfield code="b">Benjamin J. Burns</subfield></datafield><datafield ind1=" " ind2=" " tag="300"><subfield code="a">v.</subfield></datafield><datafield ind1=" " ind2=" " tag="310"><subfield code="a">Weekly</subfield></datafield><datafield ind1="0" ind2=" " tag="362"><subfield code="a">Vol. 1, no. 1 (Feb. 4, 1990)-v. 3, no. 8 (Feb. 23, 1992).</subfield></datafield><datafield ind1=" " ind2=" " tag="500"><subfield code="a">Also has South Oakland edition.</subfield></datafield><datafield ind1=" " ind2=" " tag="580"><subfield code="a">Daily eds.: Macomb daily, and: Daily tribune (Royal Oak, Mich.).</subfield></datafield><datafield ind1=" " ind2="0" tag="651"><subfield code="a">Mount Clemens (Mich.)</subfield><subfield code="v">Newspapers.</subfield></datafield><datafield ind1=" " ind2="0" tag="651"><subfield code="a">Macomb County (Mich.)</subfield><subfield code="v">Newspapers.</subfield></datafield><datafield ind1=" " ind2="7" tag="655"><subfield code="a">Newspapers.</subfield><subfield code="2">fast</subfield><subfield code="0">(OCoLC)fst01423814</subfield></datafield><datafield ind1=" " ind2="7" tag="651"><subfield code="a">Michigan</subfield><subfield code="z">Macomb County.</subfield><subfield code="2">fast</subfield><subfield code="0">(OCoLC)fst01214769</subfield></datafield><datafield ind1=" " ind2="7" tag="651"><subfield code="a">Michigan</subfield><subfield code="z">Mount Clemens.</subfield><subfield code="2">fast</subfield><subfield code="0">(OCoLC)fst01208678</subfield></datafield><datafield ind1=" " ind2=" " tag="752"><subfield code="a">United States</subfield><subfield code="b">Michigan</subfield><subfield code="c">Macomb</subfield><subfield code="d">Mount Clemens.</subfield></datafield><datafield ind1="1" ind2=" " tag="775"><subfield code="t">Macomb daily</subfield><subfield code="w">(DLC)sn 93007665</subfield><subfield code="w">(OCoLC)26884283</subfield></datafield><datafield ind1="1" ind2=" " tag="775"><subfield code="t">Daily tribune (Royal Oak, Mich.)</subfield><subfield code="w">(DLC)sn 88003510</subfield><subfield code="w">(OCoLC)15217591</subfield></datafield></record>